//borrar?
@book{koza92,
		author    = "Koza, John R.",
		title     = "Genetic Programming: On the Programming of Computers by Means of Natural Selection",
		publisher = "MIT Press",
		year      = "1992"
}


@misc{ wiki:latex,
       author = "Wikipedia",
       title = "LaTeX --- Wikipedia{,} La enciclopedia libre",
       year = "2015",
       url = "https://es.wikipedia.org/w/index.php?title=LaTeX&oldid=84209252",
       note = "[Internet; descargado 30-septiembre-2015]"
}
//borrar?
@misc{Martos2024,
  author       = {Inés Martos Barbero},
  title        = {Aplicación web para el seguimiento de la actividad de las personas con enfermedad de Parkinson},
  year         = {2024},
  month        = feb,
  day          = {12},
  note         = {Trabajo de Fin de Grado, Grado en Ingeniería de la Salud},
  school       = {Universidad de Burgos},
}
@misc{Gonzalez2023,
  author       = {Sara Ruishan González Bárcena},
  title        = {Detección de la actividad muscular de las personas con enfermedad de Parkinson},
  year         = {2023},
  url          = {https://github.com/saragonzalezbarcena/TFG_Deteccion_Activ_Muscular},
  note         = {Trabajo de Fin de Grado, Grado en Ingeniería de la Salud},
  school       = {Universidad de Burgos},
}

@inproceedings{kaya2019usability,
  title={Usability measurement of mobile applications with system usability scale (SUS)},
  author={Kaya, Aycan and Ozturk, Reha and Altin Gumussoy, Cigdem},
  booktitle={Industrial Engineering in the Big Data Era: Selected Papers from the Global Joint Conference on Industrial Engineering and Its Application Areas, GJCIE 2018, June 21--22, 2018, Nevsehir, Turkey},
  pages={389--400},
  year={2019},
  organization={Springer}
}

@inbook{inbook,
author = {Brooke, John},
year = {1996},
month = {01},
pages = {189-194},
title = {SUS -- a quick and dirty usability scale}
}

@book{sauro2016quantifying,
  title        = {Quantifying the User Experience: Practical Statistics for User Research},
  author       = {Sauro, Jeff and Lewis, James R.},
  year         = 2016,
  edition      = {2nd},
  publisher    = {Elsevier/Morgan Kaufmann},
  address      = {Burlington, MA},
  month        = jul,
  day          = 12
}

@article{liberto2024straightline,
  author = {Liberto, Daniel},
  title = {Straight Line Basis Calculation Explained, With Example},
  year = {2024},
  url = {https://www.investopedia.com/terms/s/straightlinebasis.asp},
  note = {Updated June 07, 2024. Reviewed by Amy Drury. Fact checked by Kirsten Rohrs Schmitt},
}

@misc{jobted-ingeniero-biomedico,
  author = {{Jobted}},
  title = {Sueldo del Ingeniero Biomédico en España},
  howpublished = {\url{https://www.jobted.es/salario/ingeniero-biomedico}},
  note = {Consultado el 8 de junio de 2024},
}

@article{BOE-A-2023-7416,
  title = {Título del documento},
  author = {{Ministerio de Sanidad}},
  journal = {BOE},
  volume = {núm. 69},
  year = {2023},
  month = {3},
  day = {22},
  pages = {42678--42706},
  url = {https://www.boe.es/buscar/doc.php?id=BOE-A-2023-7416}
}

@article{reglamento-ue-2017-745,
  title = {{Reglamento (UE) 2017/745 del Parlamento Europeo y del Consejo de 5 de abril de 2017 sobre los productos sanitarios, por el que se modifican la Directiva 2001/83/CE, el Reglamento (CE) n.º 178/2002 y el Reglamento (CE) n.º 1223/2009 y por el que se derogan las Directivas 90/385/CEE y 93/42/CEE del Consejo}},
  author = {{Parlamento Europeo y Consejo de la Unión Europea}},
  journal = {Diario Oficial de la Unión Europea},
  volume = {L 117},
  year = {2017},
  month = {5},
  day = {5},
  pages = {1--175},
  url = {https://eur-lex.europa.eu/legal-content/ES/TXT/PDF/?uri=CELEX:32017R0745}
}

@article{reglamento-ue-2016-679,
  title = {{Reglamento (UE) 2016/679 del Parlamento Europeo y del Consejo de 27 de abril de 2016 relativo a la protección de las personas físicas en lo que respecta al tratamiento de datos personales y a la libre circulación de estos datos y por el que se deroga la Directiva 95/46/CE (Reglamento general de protección de datos) (Texto pertinente a efectos del EEE)}},
  author = {{Parlamento Europeo y Consejo de la Unión Europea}},
  journal = {Diario Oficial de la Unión Europea},
  volume = {L 119},
  year = {2016},
  month = {5},
  day = {4},
  pages = {1--88},
  url = {https://eur-lex.europa.eu/legal-content/ES/TXT/PDF/?uri=CELEX:32016R0679}
}

@article{ley-organica-3-2018,
  title = {{Ley Orgánica 3/2018, de 5 de diciembre, de Protección de Datos Personales y garantía de los derechos digitales}},
  author = {{Jefatura del Estado}},
  journal = {BOE},
  volume = {núm. 294},
  year = {2018},
  month = {12},
  day = {6},
  url = {https://www.boe.es/eli/es/lo/2018/12/05/3/con},
  note = {Entrada en vigor: 07/12/2018},
  department = {Jefatura del Estado},
  reference = {BOE-A-2018-16673},
  eli = {https://www.boe.es/eli/es/lo/2018/12/05/3/con}
}

@misc{MarcosGordillo2024,
  author       = {Carmen Marcos Gordillo},
  title        = {Solución tecnológica para la monitorización de síntomas motores en pacientes con parkinson},
  year         = {2024},
  month        = {6},
  url          = {https://github.com/cmg1015/TFG_Seguimiento_Parkinson},
  note         = {Trabajo de Fin de Grado, Universidad de Burgos},
}

@misc{Cillero2024,
  author       = {Manuel Cillero},
  title        = {Casos de uso},
  year         = {2024},
  url          = {https://manuel.cillero.es/doc/metodologia/metrica-3/tecnicas/casos-de-uso/},
  note         = {Accedido: 2024-06-07},
}

@article{hauser2000home,
  title={A home diary to assess functional status in patients with Parkinson's disease with motor fluctuations and dyskinesia},
  author={Hauser, Robert A and Friedlander, Joel and Zesiewicz, Theresa A and Adler, Charles H and Seeberger, Lauren C and O'Brien, Christopher F and Molho, Eric S and Factor, Stewart A},
  journal={Clinical neuropharmacology},
  volume={23},
  number={2},
  pages={75--81},
  year={2000},
  doi={10.1097/00002826-200003000-00003},
}